% Encoding: UTF-8

@Misc{Numberphile2014,
  author = {Numberphile},
  title  = {The Riemann Hypothesis},
  year   = {2014},
  url    = {https://www.youtube.com/watch?v=d6c6uIyieoo&ab_channel=Numberphile},
}

@Article{Sautoy2003,
  author = {MarcusDu Sautoy},
  title  = {The Music of the Primes},
  year   = {2003},
}

@Article{2011,
  journal = {Encyclopedia of Mathematics},
  title   = {Hilbert problems},
  year    = {2011},
  url     = {https://encyclopediaofmath.org/index.php?title=Hilbert_problems&action=history},
}

@Article{Christie1934,
  author = {Agatha Christie},
  title  = {Murder on the Orleans Express},
  year   = {1934},
  url    = {https://www.goodreads.com/book/show/853510.Murder_on_the_Orient_Express},
}

@Article{2017,
  journal = {Hacker Noon},
  title   = {How does RSA work?},
  year    = {2017},
  url     = {https://hackernoon.com/how-does-rsa-work-f44918df914b},
}

@Article{Lake2018,
  author  = {Josh Lake},
  journal = {Comparitech},
  title   = {What is RSA encryption and how does it work?},
  year    = {2018},
  url     = {https://www.comparitech.com/blog/information-security/rsa-encryption/},
}

@Article{2020,
  journal = {Geeks for Geeks},
  title   = {What are Hash Functions and How to choose a good Hash Function?},
  year    = {2020},
  url     = {https://www.geeksforgeeks.org/what-are-hash-functions-and-how-to-choose-a-good-hash-function/},
}

@Article{Weiss1999,
  author  = {Leorah Weiss},
  journal = {History of Mathematics Term Paper},
  title   = {Gauss and Ceres},
  year    = {1999},
  url     = {https://sites.math.rutgers.edu/~cherlin/History/Papers1999/weiss.html},
}

@Article{Numberphile2018,
  author = {Numberphile},
  title  = {The Golden Ratio (why it is so irrational)},
  year   = {2018},
  url    = {https://www.youtube.com/watch?v=sj8Sg8qnjOg&ab_channel=Numberphile},
}

@Article{Descartes1637,
  author = {Rene Descartes},
  title  = {Discourse on the Method of Rightly Conducting One's Reason and of Seeking Truth in the Sciences},
  year   = {1637},
  url    = {https://books.google.ca/books/about/Discourse_on_the_Method_of_Rightly_Condu.html?id=ZqKDkQYxF-cC&printsec=frontcover&source=kp_read_button&redir_esc=y#v=onepage&q&f=false},
}

@Article{Newman2019,
  author  = {Lex Newman},
  journal = {The Stanford Encyclopedia of Philosophy},
  title   = {Descartes’ Epistemology},
  year    = {2019},
}

@Article{OldenbourgIdalie2020,
  author  = {Zoé Oldenbourg-Idalie},
  journal = {Encyclopedia Britannica},
  title   = {Catherine the Great},
  year    = {2020},
  url     = {https://www.britannica.com/biography/Catherine-the-Great},
}

@Article{12tone2019,
  author = {12tone},
  title  = {Leonhard Euler's Magical Consonance Formula},
  year   = {2019},
  url    = {https://www.youtube.com/watch?v=B6Dvfv_ASVg&ab_channel=12tone},
}

@Article{Caldwell2012,
  author  = {Chris K. Caldwell and Yeng Xiong},
  journal = {Journal of Integer Sequences},
  title   = {What is the Smallest Prime?},
  year    = {2012},
  url     = {https://cs.uwaterloo.ca/journals/JIS/VOL15/Caldwell1/cald5.pdf},
}

@Comment{jabref-meta: databaseType:bibtex;}
